<?xml version="1.0" encoding="UTF-8"?><collection xmlns="http://www.loc.gov/MARC21/slim"><record><leader>00395nam--2200133-i-4500</leader><controlfield tag="001">000036446</controlfield><controlfield tag="002">20161230</controlfield><controlfield tag="005">20161230201040</controlfield><controlfield tag="008">060222s1000------------r-----000-0-eng-d</controlfield><datafield ind1=" " ind2=" " tag="080"><subfield code="a">621.762(061.3)</subfield></datafield><datafield ind1=" " ind2=" " tag="245"><subfield code="a">Powder metallurgy for high-performance applications</subfield></datafield><datafield ind1=" " ind2=" " tag="260"><subfield code="a">Syracuse, New York, Syracuse University Press, 1972, X + 402p</subfield></datafield><datafield ind1=" " ind2=" " tag="700"><subfield code="a">John J. Burke And Volker Weiss</subfield></datafield><datafield ind1=" " ind2=" " tag="852"><subfield code="a">39934</subfield></datafield></record></collection>